@article{grieve1966relationships,
  title={The relationships between length of stride, step frequency, time of
    swing and speed of walking for children and adults},
  author={Grieve, DW and Gear, Ruth J},
  journal={Ergonomics},
  volume={9},
  number={5},
  pages={379--399},
  year={1966},
  publisher={Taylor \& Francis}
}

@article{kuo2001simple,
  title={A simple model of bipedal walking predicts the preferred speed--step
    length relationship},
  author={Kuo, Arthur D},
  journal={Journal of biomechanical engineering},
  volume={123},
  number={3},
  pages={264--269},
  year={2001},
  publisher={American Society of Mechanical Engineers}
}

@article{bertram2001multiple,
  title={Multiple walking speed--frequency relations are predicted by
    constrained optimization},
  author={Bertram, John EA and Ruina, Andy},
  journal={Journal of theoretical Biology},
  volume={209},
  number={4},
  pages={445--453},
  year={2001},
  publisher={Elsevier}
}
